@comment misc{SampleEntry,
  author = {John, Doe},
  title = {Example},
  year = {2024},
  url = {https://example.com},
  note = {Accessed: 2024-08-25},
}
