@misc{SelenerConsumerComplaints,
  author       = {Selener, Daniel},
  title        = {Consumer Complaint Database},
  year         = {2024},
  url          = {https://www.kaggle.com/datasets/selener/consumer-complaint-database},
  note         = {Accessed: 2024-08-25},
}

@misc{IPLT20CSKSquad,
  author       = {{IPL T20}},
  title        = {Chennai Super Kings Squad Details},
  year         = {2024},
  url          = {https://www.iplt20.com/teams/chennai-super-kings/squad-details/1},
  note         = {Data for coxcomb plots},
}

@misc{Spec3DData,
  author       = {Matthieu Lel},
  title        = {Spec3D Data},
  year         = {2024},
  url          = {https://gitlab.com/matthieulel/aspyt/-/tree/master/notebooks/spec3d_data},
  note         = {Accessed: 2024-08-25},
}
